@article{yamada1997job,
  title={Job shop scheduling},
  author={Yamada, Takeshi and Nakano, Ryohei},
  journal={IEE control Engineering series},
  pages={134--134},
  year={1997},
  publisher={PETER PEREGRINUS LTD}
},
@article{Zeinalipour2018,
  title={Concurrency Control with Locking},
  author={Zeinalipour, Demetris},
  journal={EPL446 â€“ Advanced Database Systems},
  pages={15--15},
  year={2018},
  publisher={Department of Computer Science, University of Cyprus}
},

